@misc{ltd2011,
  title = {Articulate assistant advanced user guide. {{Version}} 2.16},
  author = {Ltd, Articulate Instruments},
  year = {2011}
}


@article{wrench2022,
	title = {Beyond the Edge: Markerless Pose Estimation of Speech Articulators from Ultrasound and Camera Images Using DeepLabCut},
	author = {Wrench, Alan and Balch-Tomes, Jonathan},
	year = {2022},
	month = {02},
	date = {2022-02-02},
	journal = {Sensors},
	pages = {1133},
	volume = {22},
	number = {3},
	doi = {10.3390/s22031133},
	url = {https://www.mdpi.com/1424-8220/22/3/1133},
	langid = {en}
}

@article{soskuthy2017a,
	title = {Generalised additive mixed models for dynamic analysis in linguistics: a practical introduction},
	author = {{Sóskuthy}, {Márton}},
	doi = {10.48550/arXiv.1703.05339},
	year = {2021}
}

@article{soskuthy2021,
	title = {Evaluating generalised additive mixed modelling strategies for dynamic speech analysis},
	author = {{Sóskuthy}, {Márton}},
	year = {2021},
	date = {2021},
	journal = {Journal of Phonetics},
	pages = {101017},
	volume = {84},
	doi = {10.1016/j.wocn.2020.101017}
}

@article{pedersen2019,
	title = {Hierarchical generalized additive models in ecology: an introduction with mgcv},
	author = {Pedersen, Eric J. and Miller, David L. and Simpson, Gavin L. and Ross, Noam},
	year = {2019},
	date = {2019},
	journal = {PeerJ},
	pages = {e6876},
	volume = {7},
	doi = {10.7717/peerj.6876}
}

@article{wieling2018,
	title = {Analyzing dynamic phonetic data using generalized additive mixed modeling: a tutorial focusing on articulatory differences between L1 and L2 speakers of English},
	author = {Wieling, Martijn},
	year = {2018},
	date = {2018},
	journal = {Journal of Phonetics},
	pages = {86{\textendash}116},
	volume = {70},
	doi = {10.1016/j.wocn.2018.03.002}
}

@article{hastie1986,
	title = {Generalized additive models},
	author = {Hastie, Trevor and Tibshirani, Robert},
	year = {1986},
	date = {1986},
	journal = {Statistical Science},
	pages = {297{\textendash}310},
	volume = {1},
	number = {3},
	doi = {10.1201/9780203753781-6}
}

@book{wood2006,
	title = {Generalized additive models: an introduction with R},
	author = {Wood, Simon},
	year = {2006},
	date = {2006},
	publisher = {CRC Press}
}

@phdthesis{coretta2020b,
	title = {Vowel duration and consonant voicing: a production study},
	author = {Coretta, Stefano},
	year = {2020},
	date = {2020}
}

@misc{coretta2018f,
	title = {An exploratory study of the voicing effect in Italian and Polish [Data v1.0.0]},
	author = {Coretta, Stefano},
	doi = {10.17605/OSF.IO/8ZHKU},
	year = {2018}
}

@article{coretta2020,
	title = {Longer vowel duration correlates with greater tongue root advancement at vowel offset: acoustic and articulatory data from Italian and Polish},
	author = {Coretta, Stefano},
	year = {2020},
	date = {2020},
	journal = {The Journal of the Acoustical Society of America},
	pages = {245{\textendash}259},
	volume = {147},
	doi = {10.1121/10.0000556}
}

@book{gubian2024,
	title = {Workshop on Functional PCA for Phonetics and Prosody},
	author = {Gubian, Michele},
	year = {2024},
	date = {2024},
	url = {https://github.com/uasolo/FPCA-phonetics-workshop}
}

@article{wrench2024,
	title = {The Compartmental Tongue},
	author = {Wrench, Alan},
	year = {2024},
	date = {2024},
	journal = {Journal of Speech, Language, and Hearing Research},
	pages = {3887{\textendash}3913},
	volume = {67},
	number = {10S},
	doi = {10.1044/2024_jslhr-23-00125}
}

@article{honda1996,
	title = {Organization of tongue articulation for vowels},
	author = {Honda, Kiyoshi},
	year = {1996},
	date = {1996},
	journal = {Journal of Phonetics},
	pages = {39{\textendash}52},
	volume = {24},
	number = {1},
	doi = {10.1006/jpho.1996.0004}
}



@inproceedings{scobbie2011,
	title = {A common co-ordinate system for mid-sagittal articulatory measurement},
	author = {Scobbie, James M. and Lawson, Eleanor and Cowen, Steve and Cleland, Joanne and Wrench, Alan A.},
	year = {2011},
	date = {2011},
	pages = {1{\textendash}4}
}

@article{epstein2005,
	title = {The tongue stops here: ultrasound imaging of the palate},
	author = {Epstein, Melissa A. and Stone, Maureen},
	year = {2005},
	date = {2005},
	journal = {The Journal of the Acoustical Society of America},
	pages = {2128{\textendash}2131},
	volume = {118},
	number = {4},
	doi = {10.1121/1.2031977},
	note = {Publisher: ASA}
}

@article{stone2005,
	title = {A guide to analysing tongue motion from ultrasound images},
	author = {Stone, Maureen},
	year = {2005},
	date = {2005},
	journal = {Clinical linguistics & phonetics},
	pages = {455{\textendash}501},
	volume = {19},
	number = {6-7},
	doi = {10.1080/02699200500113558},
	note = {Publisher: Taylor & Francis}
}

@article{lulich2018,
	title = {Acquiring and visualizing 3d/4d ultrasound recordings of tongue motion},
	author = {Lulich, Steven M. and Berkson, Kelly H. and de Jong, Kenneth},
	year = {2018},
	date = {2018},
	journal = {Journal of Phonetics},
	pages = {410{\textendash}424},
	volume = {71},
	doi = {10.1016/j.wocn.2018.10.001}
}

@article{davidson2006,
	title = {Comparing tongue shapes from ultrasound imaging using smoothing spline analysis of variance},
	author = {Davidson, Lisa},
	year = {2006},
	date = {2006},
	journal = {The Journal of the Acoustical Society of America},
	pages = {407{\textendash}415},
	volume = {120},
	number = {1},
	doi = {10.1121/1.2205133},
	note = {Publisher: Acoustical Society of America}
}

@inproceedings{chen2011,
	title = {Analysing tongue shape and movement in vowel production using SS-ANOVA in ultrasound imaging},
	author = {Chen, Yu and Lin, Hua},
	year = {2011},
	date = {2011},
	pages = {17{\textendash}21}
}

@article{coretta2019g,
	title = {Assessing mid-saggital tongue contours in polar coordinates using generalised additive (mixed) models},
	author = {Coretta, Stefano},
	doi = {10.31219/osf.io/q6vzb}
}

@unpublished{coretta2018c,
	title = {Using generalised additive models (GAM) with polar coordinates for assessing tongue contours},
	author = {Coretta, Stefano},
	year = {2018},
	date = {2018},
	url = {https://stefanocoretta.github.io/rticulate/articles/polar-gams.html},
	note = {Published: R package vignette, rticulate version 1.3.2}
}

@book{kassambara2017a,
	title = {Practical guide to principal component methods in R},
	author = {Kassambara, Alboukadel},
	year = {2017},
	date = {2017},
	publisher = {STHDA}
}

@article{gubian2019a,
	title = {Zooming in on spatiotemporal V-to-C coarticulation with functional PCA},
	author = {Gubian, Michele and {Pastätter}, Manfred and Pouplier, Marianne},
	year = {2019},
	date = {2019},
	journal = {Proceedings of INTERSPEECH 2019},
	pages = {889{\textendash}893},
	doi = {10.21437/Interspeech.2019-2143}
}

@article{gubian2019,
	title = {Tracking the New Zealand English NEAR/SQUARE merger using functional principal components analysis},
	author = {Gubian, Michele and Harrington, Jonathan and Stevens, Mary and Schiel, Florian and Warren, Paul},
	year = {2019},
	date = {2019},
	journal = {Proceedings of INTERSPEECH 2019},
	pages = {296{\textendash}300},
	doi = {10.21437/interspeech.2019-2115}
}

@phdthesis{sakr2025,
	title = {The Phonetics of Emphasis in Central Mount Lebanon Lebanese: Acoustics, Perception, Articulation},
	author = {Sakr, Georges},
	year = {2025},
	date = {2025}
}

@article{faber1995,
	title = {The discriminability of nearly merged sounds},
	author = {Faber, Alice and Di Paolo, Marianna},
	year = {1995},
	month = {03},
	date = {1995-03},
	journal = {Language Variation and Change},
	pages = {35--78},
	volume = {7},
	number = {1},
	doi = {10.1017/S0954394500000892},
	url = {https://www.cambridge.org/core/product/identifier/S0954394500000892/type/journal_article},
	langid = {en}
}

@article{hoole1999,
	title = {On the lingual organization of the German vowel system},
	author = {Hoole, Philip},
	year = {1999},
	date = {1999},
	journal = {The Journal of the Acoustical Society of America},
	pages = {1020{\textendash}1032},
	volume = {106},
	number = {2},
	doi = {10.1121/1.428053}
}

@article{strycharczuk2021,
	title = {Distance vs time. Acoustic and articulatory consequences of reduced vowel duration in Polish},
	author = {Strycharczuk, Patrycja and {{\'{C}}avar}, {Ma{\l}gorzata} and Coretta, Stefano},
	year = {2021},
	date = {2021},
	journal = {The Journal of the Acoustical Society of America},
	pages = {592{\textendash}607},
	volume = {150},
	number = {1},
	doi = {10.1121/10.0005585}
}

@article{strycharczuk2025,
	title = {Dimensionality Reduction in Lingual Articulation of Vowels: Evidence From Lax Vowels in Northern Anglo-English},
	author = {Strycharczuk, Patrycja and Kirkham, Sam and Gorman, Emily and Nagamine, Takayuki},
	year = {2025},
	month = {03},
	date = {2025-03-25},
	journal = {Language and Speech},
	pages = {00238309251320581},
	doi = {10.1177/00238309251320581},
	url = {https://journals.sagepub.com/doi/10.1177/00238309251320581},
	langid = {en}
}
